<?xml version="1.0" encoding="UTF-8"?><collection xmlns="http://www.loc.gov/MARC21/slim"><record><leader>00407nam--2200121-i-4500</leader><controlfield tag="001">000038308</controlfield><controlfield tag="002">20161230</controlfield><controlfield tag="005">20161230201041</controlfield><controlfield tag="008">060222s1000------------r-----000-0-eng-d</controlfield><datafield ind1=" " ind2=" " tag="245"><subfield code="a">Sur la relation parcours-energie des ions 7li dans les emulsions nucleaires ilford c2</subfield></datafield><datafield ind1=" " ind2=" " tag="260"><subfield code="a">Paris, Gauthier-villars, 1957, 3p</subfield></datafield><datafield ind1=" " ind2=" " tag="490"><subfield code="a">Extrait Des Comptes Rendus Des Sceances De L`Acad.Des Sciences, 1957</subfield></datafield><datafield ind1=" " ind2=" " tag="852"><subfield code="a">6278</subfield></datafield></record></collection>